@url{stereovision,
    keywords = {stereovision},
    title = {Computer Stereo Vision, Wikipedia. \url{https://en.wikipedia.org/wiki/Computer_stereo_vision}},
    urldate = {https://en.wikipedia.org/wiki/Computer_stereo_vision}
}

@url{moorelaw,
    keywords = {moore},
    title = {Moore's Law, Wikipedia. \url{https://en.wikipedia.org/wiki/Moore%27s_law}},
    urldate = {https://en.wikipedia.org/wiki/Moore%27s_law}
}
